@book{martins_rigid_2022,
	address = {Lisbon},
	edition = {Version 0.01},
	series = {Optimal {Control} - {Course} notes for {Lab} {Classes}},
	title = {Rigid {Body} {Dynamics}: {Modeling} and {Simulation} of a {Quadcopter}},
	language = {English},
	author = {Martins, Jorge and Coelho, Rui and Carvalho, Andr√©},
	month = mar,
	year = {2022},
}

@book{Optimal_Control_2012,
	address = {New Jersey},
	edition = {Third Edition},
	title = {Optimal Control},
	language = {English},
	author = {Lewis, Frank and Vrabie, Draguna and Syrmos, Vassilis},
	month = oct,
	year = {2012},
}

@book{Optimal_Control_2023,
	address = {Lisbon},
	title = {Optimal Control - Theoretical Slides},
	language = {English},
	author = {Martins, Jorge and Ayala Botto, Miguel},
	month = feb,
	year = {2023},
}

@book{Optimal_Control_2023_SupportingNotes,
	address = {Lisbon},
	title = {Optimal Control - Supporting Notes},
	language = {English},
	author = {Martins, Jorge and Ayala Botto, Miguel},
	month = feb,
	year = {2019},
}